/home/nwentzel/.latex/refs.bib